@book{stallings,
  title={Computer Organization and Architecture: Designing for Performance},
  author={Stallings, W.},
  isbn={9780136073734},
  lccn={2010287055},
  url={https://books.google.com.co/books?id=-7nM1DkWb1YC},
  year={2010},
  publisher={Prentice Hall},
  edition={8th},
  note={Chapter 1},
}
